@book{bultheel2006inleiding,
  title={Inleiding tot de numerieke wiskunde},
  author={Bultheel, Adhemar},
  year={2006},
  publisher={Acco}
}